@inproceedings{DDSP,
title={DDSP: Differentiable Digital Signal Processing},
author={Jesse Engel and Lamtharn (Hanoi) Hantrakul and Chenjie Gu and Adam Roberts},
booktitle={International Conference on Learning Representations},
year={2020},
url={https://openreview.net/forum?id=B1x1ma4tDr}
}

@inproceedings{DDSP2022,
title	= {MIDI-DDSP: Hierarchical modeling of music for detailed control},
author	= {Yusong Wu and Ethan Manilow and Yi Deng and Rigel Jacob Swavely and Kyle Kastner and TIm Cooijmans and Aaron Courville and Anna Huang and Jesse Engel},
year	= {2022},
URL	= {https://openreview.net/pdf?id=UseMOjWENv}}

@inproceedings{neuralsourcefilter,
  title={Neural source-filter-based waveform model for statistical parametric speech synthesis},
  author={Wang, Xin and Takaki, Shinji and Yamagishi, Junichi},
  booktitle={ICASSP 2019-2019 IEEE International Conference on Acoustics, Speech and Signal Processing (ICASSP)},
  pages={5916--5920},
  year={2019},
  organization={IEEE}
}
