@inproceedings{nachbar2011ambix,
  title={Ambix-a suggested ambisonics format},
  author={Nachbar, Christian and Zotter, Franz and Deleflie, Etienne and Sontacchi, Alois},
  booktitle={Ambisonics Symposium},
  volume={2011},
  year={2011}
}

@inproceedings{brown1997efficient,
  title={An efficient HRTF model for 3-D sound},
  author={Brown, C Phillip and Duda, Richard O},
  booktitle={Proceedings of 1997 Workshop on Applications of Signal Processing to Audio and Acoustics},
  pages={4--pp},
  year={1997},
  organization={IEEE}
}

@misc{ling2023implementation,
  title={Implementation and Comparative Analysis of Head-Related and Binaural Room Impulse Response in a Mid-Side Decomposition},
  author={Ling, Jonathan},
  year={2023}
}